
@techreport{Babor2001,
address = {Geneva},
author = {Babor, Thomas F. and Higgins-Biddle, John C. and Saunders, John B. and Monteiro, Maristela G.},
institution = {World Health Organisation, Department of Mental Health and Substance Dependence},
mendeley-groups = {2 Behaviour change/2 Alcohol/Epidemiology/Measurement error/Measurement tools},
title = {{The Alcohol Use Disorders Identification Test. Guidelines for Use in Primary Care. Second Edition}},
url = {http://www.who.int/substance{\_}abuse/publications/audit/en/},
year = {2001}
}

@article{Beard2015a,
annote = {Export Date: 17 September 2015},
author = {Beard, E and Brown, J and West, R and Acton, C and Brennan, A and Drummond, C and Hickman, M and Holmes, J and Kaner, E and Lock, K and Walmsley, M and Michie, S},
doi = {10.1186/s12889-015-1542-7},
journal = {BMC Public Health},
number = {1},
title = {{Protocol for a national monthly survey of alcohol use in England with 6-month follow-up: 'The Alcohol Toolkit Study' Health behavior, health promotion and society}},
url = {http://www.scopus.com/inward/record.url?eid=2-s2.0-84925003632{\&}partnerID=40{\&}md5=7cd590a6c2ad9d8d46227303618ca917},
volume = {15},
year = {2015}
}

@article{Boniface2014,
author = {Boniface, Sadie and Kneale, James and Shelton, Nicola},
doi = {10.1186/1471-2458-14-1297},
isbn = {1471-2458},
issn = {1471-2458},
journal = {BMC public health},
number = {1},
pages = {1297},
pmid = {25519144},
title = {{Drinking pattern is more strongly associated with under-reporting of alcohol consumption than socio-demographic factors: evidence from a mixed-methods study.}},
url = {http://www.ncbi.nlm.nih.gov/pubmed/25519144},
volume = {14},
year = {2014}
}

@article{Cabezas2016,
author = {Cabezas, Joaquin and Lucey, Michael R. and Bataller, Ramon},
title = {Biomarkers for monitoring alcohol use},
journal = {Clinical Liver Disease},
volume = {8},
number = {3},
pages = {59-63},
doi = {10.1002/cld.571},
year = {2016}
}

@article{Crane2018,
author = {Crane, David and Garnett, Claire and Michie, Susan and West, Robert and Brown, Jamie},
doi = {10.1038/s41598-018-22420-8},
issn = {2045-2322},
journal = {Scientific Reports},
month = {dec},
number = {1},
pages = {4384},
title = {{A smartphone app to reduce excessive alcohol consumption: Identifying the effectiveness of intervention components in a factorial randomised control trial}},
url = {http://www.nature.com/articles/s41598-018-22420-8},
volume = {8},
year = {2018}
}

@article{Delong1988,
author = {DeLong, Elizabeth R. and DeLong, David M. and Clarke-Pearson, Daniel L.},
doi = {10.2307/2531595},
journal = {Biometrics},
month = {sep},
number = {3},
pages = {837},
title = {{Comparing the Areas under Two or More Correlated Receiver Operating Characteristic Curves: A Nonparametric Approach}},
volume = {44},
year = {1988}
}

@article{DeMeneses-Gaya2009,
author = {de Meneses-Gaya, Carolina and Zuardi, Antonio Waldo and Loureiro, Sonia Regina and Crippa, Jos{\'{e}} Alexandre S.},
doi = {10.3922/j.psns.2009.1.12},
isbn = {0096-882X},
issn = {1983-3288},
journal = {Psychology {\&} Neuroscience},
number = {1},
pages = {83--97},
pmid = {7674678},
title = {{Alcohol Use Disorders Identification Test (AUDIT): An updated systematic review of psychometric properties.}},
url = {http://doi.apa.org/getdoi.cfm?doi=10.3922/j.psns.2009.1.12},
volume = {2},
year = {2009}
}

@book{Dixon1983,
author = {Dixon, W. J. and Massey, F. J. Jr.},
year = {1983},
title = {Introduction to Statistical Analysis},
edition = 4,
publisher = {New York: McGrawâ€“Hill}
}

@Misc{Dutey2018,
 title={{Concurrent validity of an Estimator of Weekly Alcohol Consumption (EWAC) based on the Extended AUDIT}},
 url={osf.io/7we4m},
 DOI={10.17605/OSF.IO/7WE4M},
 publisher={OSF},
 author={Dutey-Magni, Peter and Sinclair, Julia and Brown, Jamie},
 year={2018},
 month={Nov}
}

@misc{Dutey2020,
 title={{Concurrent validity of an Estimator of Weekly Alcohol Consumption (EWAC) based on the Extended AUDIT}},
 url={https://bitbucket.org/PeteDM/ewac_concurrent_validity/src},
 publisher={Code repository},
 author={Dutey-Magni, Peter},
 year={2020}
}

@article{Feunekes1999,
author = {Feunekes, G. I. J. and {van 't Veer}, P. and van Staveren, W. a. and Kok, F. J.},
doi = {10.1093/oxfordjournals.aje.a009909},
isbn = {0002-9262 (Print)},
issn = {0002-9262 (Print)},
journal = {American Journal of Epidemiology},
month = {jul},
number = {1},
pages = {105--112},
pmid = {10400547},
title = {{Alcohol Intake Assessment: The Sober Facts}},
volume = {150},
year = {1999}
}

@article{Grant1995,
author = {Grant, K A and Tonigan, J S and Miller, W R},
doi = {10.15288/jsa.1995.56.168},
journal = {Journal of Studies on Alcohol},
number = {2},
pages = {168--172},
title = {Comparison of three alcohol consumption measures: A concurrent validity study},
volume = {56},
year = {1995}
}

@article{Greenfield2000,
author = {Greenfield, Tom K.},
doi = {10.1016/S0899-3289(00)00039-0},
issn = {08993289},
journal = {Journal of Substance Abuse},
month = {sep},
number = {1-2},
pages = {33--49},
title = {{Ways of measuring drinking patterns and the difference they make: experience with graduated frequencies}},
url = {http://linkinghub.elsevier.com/retrieve/pii/S0899328900000390},
volume = {12},
year = {2000}
}

@article{Greenfield2009,
author = {Greenfield, T. K. and Kerr, W. C. and Bond, J. and Ye, Y. and Stockwell, T.},
doi = {10.1177/009145090903600320},
file = {:home/pdutey/Documents/Mendeley Desktop/Greenfield et al/Contemporary Drug Problems/Greenfield et al. - 2009 - Improving Graduated Frequencies Alcohol Measures for Monitoring Consumption Patterns Results from an Australi.pdf:pdf},
isbn = {0091-4509},
issn = {0091-4509},
journal = {Contemporary Drug Problems},
number = {3-4},
pages = {705--733},
pmid = {21197381},
title = {{Improving Graduated Frequencies Alcohol Measures for Monitoring Consumption Patterns: Results from an Australian National Survey and a US Diary Validity Study}},
url = {http://cdx.sagepub.com/lookup/doi/10.1177/009145090903600320},
volume = {36},
year = {2009}
}

@article{Heeb2005,
author = {Heeb, Jean-Luc and Gmel, Gerhard},
doi = {10.1016/j.addbeh.2004.04.022},
issn = {03064603},
journal = {Addictive Behaviors},
month = {mar},
number = {3},
pages = {403--413},
title = {{Measuring alcohol consumption: A comparison of graduated frequency, quantity frequency, and weekly recall diary methods in a general population survey}},
url = {http://linkinghub.elsevier.com/retrieve/pii/S0306460304001698},
volume = {30},
year = {2005}
}

@article{Hoeppner2010,
author = {Hoeppner, Bettina B. and Stout, Robert L. and Jackson, Kristina M. and Barnett, Nancy P.},
doi = {10.1016/j.addbeh.2010.08.013},
journal = {Addictive Behaviors},
number = {12},
pages = {1138--1143},
pmid = {20822852},
title = {{How good is fine-grained Timeline Follow-back data? Comparing 30-day TLFB and repeated 7-day TLFB alcohol consumption reports on the person and daily level}},
volume = {35},
year = {2010}
}

@article{Horton2007,
author = {Horton, Nicholas J. and Kim, Eugenia and Saitz, Richard},
doi = {10.1186/1471-2288-7-9},
journal = {BMC Medical Research Methodology},
month = {dec},
number = {1},
pages = {9},
pmid = {17302984},
title = {{A cautionary note regarding count models of alcohol consumption in randomized controlled trials}},
volume = {7},
year = {2007}
}

@article{Kalinowski2016,
author = {Kalinowski, Agnieszka and Humphreys, Keith},
title = {Governmental standard drink definitions and low-risk alcohol consumption guidelines in 37 countries},
journal = {Addiction},
volume = {111},
number = {7},
pages = {1293-1298},
doi = {10.1111/add.13341},
url = {https://onlinelibrary.wiley.com/doi/abs/10.1111/add.13341},
year = {2016}
}

@article{Kaner2013c,
author = {Kaner, E. and Bland, M. and Cassidy, P. and Coulton, S. and Dale, V. and Deluca, P. and Gilvarry, E. and Godfrey, C. and Heather, N. and Myles, J. and Newbury-Birch, D. and Oyefeso, A. and Parrott, S. and Perryman, K. and Phillips, T. and Shepherd, J. and Drummond, C.},
doi = {10.1136/bmj.e8501},
isbn = {1756-1833},
issn = {1756-1833},
journal = {BMJ},
month = {jan},
number = {jan09 2},
pages = {e8501--e8501},
pmid = {23303891},
title = {{Effectiveness of screening and brief alcohol intervention in primary care (SIPS trial): pragmatic cluster randomised controlled trial}},
url = {http://kar.kent.ac.uk/33045/ http://www.bmj.com/cgi/doi/10.1136/bmj.e8501},
volume = {346},
year = {2013}
}

@article{Lavoie2010,
author = {Lavoie, Don},
doi = {10.1111/j.1465-3362.2010.00224.x},
issn = {09595236},
journal = {Drug and Alcohol Review},
number = {6},
pages = {608--611},
title = {{Alcohol identification and brief advice in England: A major plank in alcohol harm reduction policy}},
volume = {29},
year = {2010}
}

@article{Lemmens1992,
author = {Lemmens, P and Tan, E S and Knibbe, R a},
doi = {10.15288/jsa.1992.53.476},
isbn = {0096-882X},
issn = {0096-882X},
journal = {Journal of studies on alcohol},
number = {5},
pages = {476--486},
pmid = {1405641},
title = {{Measuring quantity and frequency of drinking in a general population survey: a comparison of five indices.}},
volume = {53},
year = {1992}
}

@techreport{Mongan2015,
author = {Mongan, Deirdre and Long, Jean},
institution = {RARHA: Joint Actional on Reducing Alcohol Related Harm},
mendeley-groups = {2 Behaviour change/2 Alcohol/Epidemiology/Measurement error/Error},
title = {{Standard drink measures throughout Europe; peoples' understanding of standard drinks}},
url = {https://www.drugsandalcohol.ie/30419/},
year = {2015}
}

@article{Nutt2014,
author = {Nutt, David J and Rehm, J{\"{u}}rgen},
doi = {10.1177/0269881113512038},
issn = {0269-8811},
journal = {Journal of Psychopharmacology},
month = {jan},
number = {1},
pages = {3--7},
pmid = {24399337},
title = {{Doing it by numbers: A simple approach to reducing the harms of alcohol}},
url = {http://journals.sagepub.com/doi/10.1177/0269881113512038},
volume = {28},
year = {2014}
}

@article{Rehm1998,
author = {Rehm, J{\"{u}}rgen},
doi = {10.1111/j.1530-0277.1998.tb04368.x},
issn = {1530-0277},
journal = {Alcoholism: Clinical and Experimental Research},
number = {Supplement S2},
pages = {4s--14s},
pmid = {9603301},
title = {{Measuring Quantity, Frequency, and Volume of Drinking}},
url = {http://dx.doi.org/10.1111/j.1530-0277.1998.tb04368.x},
volume = {22},
year = {1998}
}

@article{Rehm2016,
author = {Rehm, J{\"{u}}rgen and Anderson, Peter and Manthey, Jakob and Shield, Kevin D. and Struzzo, Pierluigi and Wojnar, Marcin and Gual, Antoni},
doi = {10.1093/alcalc/agv127},
issn = {0735-0414},
journal = {Alcohol and Alcoholism},
month = {jul},
number = {4},
pages = {422--427},
pmid = {26574600},
title = {{Alcohol Use Disorders in Primary Health Care: What Do We Know and Where Do We Go?}},
url = {https://academic.oup.com/alcalc/article-lookup/doi/10.1093/alcalc/agv127},
volume = {51},
year = {2016}
}

@article{Rubinsky2013,
author = {Rubinsky, Anna D. and Dawson, Deborah A. and Williams, Emily C. and Kivlahan, Daniel R. and Bradley, Katharine A.},
doi = {10.1111/acer.12092},
journal = {Alcoholism: Clinical and Experimental Research},
month = {aug},
number = {8},
pages = {1380--1390},
title = {{AUDIT-C Scores as a Scaled Marker of Mean Daily Drinking, Alcohol Use Disorder Severity, and Probability of Alcohol Dependence in a U.S. General Population Sample of Drinkers}},
url = {http://doi.wiley.com/10.1111/acer.12092},
volume = {37},
year = {2013}
}

@article{Shield2020,
author = {Shield, Kevin and Manthey, Jakob and Rylett, Margaret and Probst, Charlotte and Wettlaufer, Ashley and Parry, Charles D H and Rehm, J{\"{u}}rgen},
doi = {10.1016/S2468-2667(19)30231-2},
issn = {24682667},
journal = {The Lancet Public Health},
month = {jan},
number = {1},
pages = {e51--e61},
title = {{National, regional, and global burdens of disease from 2000 to 2016 attributable to alcohol use: a comparative risk assessment study}},
url = {https://linkinghub.elsevier.com/retrieve/pii/S2468266719302312},
volume = {5},
year = {2020}
}

@article{Stockwell2004,
author = {Stockwell, Tim and Donath, Susan and Cooper-Stanbury, Mark and Chikritzhs, Tanya and Catalano, Paul and Mateo, Cid},
doi = {10.1111/j.1360-0443.2004.00815.x},
journal = {Addiction},
number = {8},
pages = {1024--1033},
pmid = {15265099},
title = {{Under-reporting of alcohol consumption in household surveys: A comparison of quantity-frequency, graduated-frequency and recent recall}},
volume = {99},
year = {2004}
}

@article{Stockwell2014,
author = {Stockwell, Tim and Zhao, Jinhui and Macdonald, Scott},
doi = {10.1111/add.12609},
isbn = {1360-0443 (Electronic)
0965-2140 (Linking)},
issn = {13600443},
journal = {Addiction (Abingdon, England)},
number = {10},
pages = {1657--1666},
pmid = {24825591},
title = {{Who under-reports their alcohol consumption in telephone surveys and by how much? An application of the 'yesterday method' in a national Canadian substance use survey}},
volume = {109},
year = {2014}
}

@article{Stockwell2016,
author = {Stockwell, Tim and Zhao, Jinhui and Greenfield, Thomas and Li, Jessica and Livingston, Michael and Meng, Yang},
doi = {10.1111/add.13373},
journal = {Addiction},
month = {jul},
number = {7},
pages = {1203--1213},
pmid = {26948693},
title = {{Estimating under- and over-reporting of drinking in national surveys of alcohol consumption: identification of consistent biases across four English-speaking countries}},
url = {http://doi.wiley.com/10.1111/add.13373},
volume = {111},
year = {2016}
}

@article{Vakili2008,
author = {Vakili, Shervin and Sobell, Linda Carter and Sobell, Mark B. and Simco, Edward R. and Agrawal, Sangeeta},
doi = {10.1016/j.addbeh.2008.03.009},
journal = {Addictive Behaviors},
number = {9},
pages = {1123--1130},
pmid = {18562125},
title = {Using the Timeline Followback to determine time windows representative of annual alcohol consumption with problem drinkers},
volume = {33},
year = {2008}
}

@article{Vinson2003,
author = {Vinson, Daniel C and Reidinger, Carol and Wilcosky, Timothy},
doi = {10.15288/jsa.2003.64.733},
journal = {Journal of Studies on Alcohol},
month = {sep},
number = {5},
pages = {733--740},
title = {{Factors affecting the validity of a Timeline Follow-Back interview.}},
volume = {64},
year = {2003}
}

@article{DeVocht2016,
author = {de Vocht, Frank and Brown, Jamie and Beard, Emma and Angus, Colin and Brennan, Alan and Michie, Susan and Campbell, Rona and Hickman, Matthew},
doi = {10.1186/s12889-016-3542-7},
issn = {1471-2458},
journal = {BMC Public Health},
number = {1},
pages = {917},
title = {{Temporal patterns of alcohol consumption and attempts to reduce alcohol intake in England}},
volume = {16},
year = {2016}
}

@article{Wood2018,
author = {Wood, Angela M. and Kaptoge, Stephen and Butterworth, Adam S. and Willeit, Peter and Warnakula, Samantha and Bolton, Thomas and Paige, Ellie and Paul, Dirk S. and Sweeting, Michael and Burgess, Stephen and Bell, Steven and Astle, William and Stevens, David and Koulman, Albert and Selmer, Randi M. and Verschuren, W. M.Monique and Sato, Shinichi and Nj{\o}lstad, Inger and Woodward, Mark and Salomaa, Veikko and Nordestgaard, B{\o}rge G. and Yeap, Bu B. and Fletcher, Astrid and Melander, Olle and Kuller, Lewis H. and Balkau, Beverley and Marmot, Michael and Koenig, Wolfgang and Casiglia, Edoardo and Cooper, Cyrus and Arndt, Volker and Franco, Oscar H. and Wennberg, Patrik and Gallacher, John and de la C{\'{a}}mara, Agust{\'{i}}n G{\'{o}}mez and V{\"{o}}lzke, Henry and Dahm, Christina C. and Dale, Caroline E. and Bergmann, Manuela M. and Crespo, Carlos J. and van der Schouw, Yvonne T. and Kaaks, Rudolf and Simons, Leon A. and Lagiou, Pagona and Schoufour, Josje D. and Boer, Jolanda M.A. and Key, Timothy J. and Rodriguez, Beatriz and Moreno-Iribas, Conchi and Davidson, Karina W. and Taylor, James O. and Sacerdote, Carlotta and Wallace, Robert B. and Quiros, J. Ramon and Tumino, Rosario and Blazer, Dan G. and Linneberg, Allan and Daimon, Makoto and Panico, Salvatore and Howard, Barbara and Skeie, Guri and Strandberg, Timo and Weiderpass, Elisabete and Nietert, Paul J. and Psaty, Bruce M. and Kromhout, Daan and Salamanca-Fernandez, Elena and Kiechl, Stefan and Krumholz, Harlan M. and Grioni, Sara and Palli, Domenico and Huerta, Jos{\'{e}} M. and Price, Jackie and Sundstr{\"{o}}m, Johan and Arriola, Larraitz and Arima, Hisatomi and Travis, Ruth C. and Panagiotakos, Demosthenes B. and Karakatsani, Anna and Trichopoulou, Antonia and K{\"{u}}hn, Tilman and Grobbee, Diederick E. and Barrett-Connor, Elizabeth and van Schoor, Natasja and Boeing, Heiner and Overvad, Kim and Kauhanen, Jussi and Wareham, Nick and Langenberg, Claudia and Forouhi, Nita and Wennberg, Maria and Despr{\'{e}}s, Jean Pierre and Cushman, Mary and Cooper, Jackie A. and Rodriguez, Carlos J. and Sakurai, Masaru and Shaw, Jonathan E. and Knuiman, Matthew and Voortman, Trudy and Meisinger, Christa and Tj{\o}nneland, Anne and Brenner, Hermann and Palmieri, Luigi and Dallongeville, Jean and Brunner, Eric J. and Assmann, Gerd and Trevisan, Maurizio and Gillum, Richard F. and Ford, Ian and Sattar, Naveed and Lazo, Mariana and Thompson, Simon G. and Ferrari, Pietro and Leon, David A. and Smith, George Davey and Peto, Richard and Jackson, Rod and Banks, Emily and {Di Angelantonio}, Emanuele and Danesh, John and Wood, Angela M. and Kaptoge, Stephen and Butterworth, Adam and Willeit, Peter and Warnakula, Samantha and Bolton, Thomas and Paige, Ellie and Paul, Dirk S. and Sweeting, Michael and Burgess, Stephen and Bell, Steven and Astle, William and Stevens, David and Koulman, Albert and Selmer, Randi M. and Verschuren, Monique and Sato, Shinichi and Nj{\o}lstad, Inger and Woodward, Mark and Veikko, Salomaa and Nordestgaard, B{\o}rge G. and Yeap, Bu B. and Flecther, Astrid and Melander, Olle and Kuller, Lewis H. and Balkau, Beverley and Marmot, Michael and Koenig, Wolfgang and Casiglia, Edoardo and Cooper, Cyrus and Arndt, Volker and Franco, Oscar H. and Wennberg, Patrik and Gallacher, John and {G{\'{o}}mez de la C{\'{a}}mara}, Agust{\'{i}}n and V{\"{o}}lzke, Henry and Dahm, Christina C. and Dale, Caroline E. and Bergmann, Manuela and Crespo, Carlos and van der Schouw, Yvonne T. and Kaaks, Rudolf and Simons, Leon A. and Lagiou, Pagona and Schoufour, Josje D. and Boer, Jolanda M.A. and Key, Timothy J. and Rodriguez, Beatriz and Moreno-Iribas, Conchi and Davidson, Karina W. and Taylor, James O. and Sacerdote, Carlotta and Wallace, Robert B. and Quiros, J. Ramon and Rimm, Eric B. and Tumino, Rosario and Blazer, Dan G. and Linneberg, Allan and Daimon, Makoto and Panico, Salvatore and Howard, Barbara and Skeie, Guri and Salomaa, Veikko and Strandberg, Timo and Weiderpass, Elisabete and Nietert, Paul J. and Psaty, Bruce M. and Kromhout, Daan and Salamanca-Fernandez, Elena and Kiechl, Stefan and Krumholz, Harlan M. and Grioni, Sara and Palli, Domenico and Huerta, Jos{\'{e}} M. and Price, Jackie and Sundstr{\"{o}}m, Johan and Arriola, Larraitz and Arima, Hisatomi and Travis, Ruth C. and Panagiotakos, Demosthenes B. and Karakatsani, Anna and Trichopoulou, Antonia and K{\"{u}}hn, Tilman and Grobbee, Diederick E. and Barrett-Connor, Elizabeth and van Schoor, Natasja and Boeing, Heiner and Overvad, Kim and Kauhanen, Jussi and Wareham, Nick and Langenberg, Claudia and Forouhi, Nita and Wennberg, Maria and Despr{\'{e}}s, Jean Pierre and Cushman, Mary and Cooper, Jackie A. and Rodriguez, Carlos J. and Sakurai, Masaru and Shaw, Jonathan E. and Knuiman, Matthew and Voortman, Trudy and Meisinger, Christa and Tj{\o}nneland, Anne and Brenner, Hermann and Palmieri, Luigi and Dallongeville, Jean Pierre and Brunner, Eric J. and Assmann, Gerd and Trevisan, Maurizio and Gillumn, Richard F. and Ford, Ian Ford and Sattar, Naveed and Lazo, Mariana and Thompson, Simon and Ferrari, Pietro and Leon, David A. and {Davey Smith}, George and Peto, Richard and Jackson, Rod and Banks, Emily and {Di Angelantonio}, Emanuele and Danesh, John},
doi = {10.1016/S0140-6736(18)30134-X},
journal = {The Lancet},
number = {10129},
pages = {1513--1523},
pmid = {29676281},
title = {{Risk thresholds for alcohol consumption: combined analysis of individual-participant data for 599912 current drinkers in 83 prospective studies}},
volume = {391},
year = {2018}
}

@article{Boniface2017,
author = {Boniface, Sadie and Scholes, Shaun and Shelton, Nicola and Connor, Jennie},
doi = {10.1371/journal.pone.0170892},
editor = {Schooling, C. Mary},
issn = {1932-6203},
journal = {PLOS ONE},
mendeley-groups = {2 Behaviour change/2 Alcohol/Epidemiology/Measurement error/Nonresponse},
month = {jan},
number = {1},
pages = {e0170892},
title = {{Assessment of Non-Response Bias in Estimates of Alcohol Consumption: Applying the Continuum of Resistance Model in a General Population Survey in England}},
url = {https://dx.plos.org/10.1371/journal.pone.0170892},
volume = {12},
year = {2017}
}
@article{Gorman2014,
author = {Gorman, Emma and Leyland, Alastair H. and McCartney, Gerry and White, Ian R. and Katikireddi, Srinivasa Vittal and Rutherford, Lisa and Graham, Lesley and Gray, Linsay},
doi = {10.1093/aje/kwu207},
journal = {American Journal of Epidemiology},
month = {nov},
number = {9},
pages = {941--948},
title = {{Assessing the Representativeness of Population-Sampled Health Surveys Through Linkage to Administrative Data on Alcohol-Related Outcomes}},
url = {https://academic.oup.com/aje/article-lookup/doi/10.1093/aje/kwu207},
volume = {180},
year = {2014}
}
@article{Christensen2015,
author = {Christensen, Anne Illemann and Ekholm, Ola and Gray, Linsay and Gl{\"{u}}mer, Charlotte and Juel, Knud},
doi = {10.1111/add.12939},
issn = {09652140},
journal = {Addiction},
month = {sep},
number = {9},
pages = {1505--1512},
title = {{What is wrong with non-respondents? Alcohol-, drug- and smoking-related mortality and morbidity in a 12-year follow-up study of respondents and non-respondents in the Danish Health and Morbidity Survey}},
url = {http://doi.wiley.com/10.1111/add.12939},
volume = {110},
year = {2015}
}


# Reports and guidelines

@techreport{AU.alcoguidelines2009,
author = {{Australian Government. National Health and Medical Research Council}},
title = {{Australian Guidelines to Reduce Health Risks from Drinking Alcohol}},
url = {https://www.nhmrc.gov.au/health-topics/alcohol-guidelines},
year = {2009}
}
 
@techreport{AlcoholCMO2016b,
author = {{UK Department of Health}},
title = {{UK Chief Medical Officers' Low Risk Drinking Guidelines. August 2016}},
url = {https://www.gov.uk/government/uploads/system/uploads/attachment{\_}data/file/545937/UK{\_}CMOs{\_}{\_}report.pdf},
year = {2016}
}

@techreport{NICE-CG115,
author = {{National Institute of Health and Care Excellence}},
title = {{Alcohol-use disorders: diagnosis, assessment and management of harmful drinking and alcohol dependence. Clinical guideline [CG115]}},
url = {https://www.nice.org.uk/guidance/cg115},
year = {2011}
}

@techreport{ONS2009,
author = {{UK Office for National Statistics}},
year = 2009,
title = {{Drinking: adults' behaviour and knowledge in 2008. Opinions (Omnibus) Survey Report No. 39}},
url = {http://www.ias.org.uk/uploads/pdf/News%20stories/ons-report-jan09.pdf},
urldate = {2020-02-16}}

@techreport{PHE2017,
author = {{Public Health England}},
title = {{Alcohol sales in England in 2014: Analysis to assess suitability for inclusion as an indicator in the Local Alcohol Profiles for England}},
url = {https://webarchive.nationalarchives.gov.uk/20190501132530/https://fingertips.phe.org.uk/documents/Alcohol%20sales%20data%202014.pdf},
year = {2017}
}



@techreport{NICE-PH24,
author = {National Institute of Health and Care Excellence},
title = {{Alcohol-use disorders: prevention. Public health guideline [PH24]}},
url = {www.nice.org.uk/guidance/ph24},
year = {2010}
}



# Software


@Misc{package-rstan,
    title = {{RStan}: the {R} interface to {Stan}},
    author = {{Stan Development Team}},
    note = {R package version 2.18.2},
    year = {2018},
    url = {http://mc-stan.org/},
  }

 @Manual{RCoreTeam2017,
    title = {R: A Language and Environment for Statistical Computing},
    author = {{R Core Team}},
    organization = {R Foundation for Statistical Computing},
    address = {Vienna, Austria},
    year = {2017},
    url = {https://www.R-project.org/},
  }
  
  
  @Misc{package-tidyverse,
    title = {tidyverse: Easily Install and Load the 'Tidyverse'},
    author = {Hadley Wickham},
    year = {2017},
    note = {R package version 1.2.1},
    url = {https://CRAN.R-project.org/package=tidyverse},
  }
  
# Data

@techreport{NatCenSocialResearch2013,
address = {Colchester, Essex},
author = {{NatCen Social Research} and {Royal Free and University College Medical School}},
doi = {10.5255/UKDA-SN-7260-1},
title = {{Health Survey for England, 2011 [computer file]. Colchester, Essex: UK Data Archive [distributor], April 2013. SN: 7260}},
year = {2013}
}
